<record><leader>00000cas a22000007a 4500</leader><controlfield tag="001">25618036</controlfield><controlfield tag="008">920409d189719uunjudr ne      0    0eng d</controlfield><datafield ind1=" " ind2=" " tag="010"><subfield code="a">sn 92059913 </subfield></datafield><datafield ind1=" " ind2=" " tag="040"><subfield code="a">NJW</subfield><subfield code="b">eng</subfield><subfield code="c">NJW</subfield><subfield code="d">NVK</subfield><subfield code="d">OCLCQ</subfield><subfield code="d">VA@</subfield><subfield code="d">OCLCQ</subfield></datafield><datafield ind1=" " ind2=" " tag="043"><subfield code="a">n-us-nj</subfield></datafield><datafield ind1="1" ind2="4" tag="050"><subfield code="a">E180</subfield><subfield code="b">.W28 no.43</subfield></datafield><datafield ind1="0" ind2="0" tag="245"><subfield code="a">Millville daily Republican.</subfield></datafield><datafield ind1=" " ind2=" " tag="260"><subfield code="a">Millville, N.J. :</subfield><subfield code="b">Republican Pub. Co.</subfield></datafield><datafield ind1=" " ind2=" " tag="300"><subfield code="a">v.</subfield></datafield><datafield ind1=" " ind2=" " tag="310"><subfield code="a">Daily</subfield></datafield><datafield ind1="1" ind2=" " tag="362"><subfield code="a">Began in 1897.</subfield><subfield code="z">Cf. Ayer.</subfield></datafield><datafield ind1=" " ind2=" " tag="500"><subfield code="a">"A Greater Millville with malice towards none."</subfield></datafield><datafield ind1=" " ind2=" " tag="500"><subfield code="a">Also published a weekly ed.</subfield></datafield><datafield ind1=" " ind2=" " tag="500"><subfield code="a">Special Historical and Industrial supplement edited and compiled by Albert E. Walker, Oct. 17, 1911.</subfield></datafield><datafield ind1=" " ind2=" " tag="500"><subfield code="a">Issued with: Vineland daily Republican, Feb. 7, 1907-</subfield></datafield><datafield ind1=" " ind2=" " tag="588"><subfield code="a">Description based on: Vol. 42, no. 182 (Feb. 7, 1907).</subfield></datafield><datafield ind1=" " ind2="0" tag="651"><subfield code="a">Millville (N.J.)</subfield><subfield code="v">Newspapers.</subfield></datafield><datafield ind1=" " ind2=" " tag="752"><subfield code="a">United States</subfield><subfield code="b">New Jersey</subfield><subfield code="c">Cumberland</subfield><subfield code="d">Millville.</subfield></datafield></record>